<?xml version="1.0" encoding="UTF-8"?><collection><record><leader>02564ntm a2200397 a 4500</leader><controlfield tag="001">002631698</controlfield><controlfield tag="003">MiAaHDL</controlfield><controlfield tag="005">20190719000000.0</controlfield><controlfield tag="006">m        d        </controlfield><controlfield tag="007">cr bn ---auaua</controlfield><controlfield tag="008">930614s1868    xx            00||  ara d</controlfield><datafield tag="035" ind1=" " ind2=" "><subfield code="a">(MiU)002631698</subfield></datafield><datafield tag="035" ind1=" " ind2=" "><subfield code="a">sdr-miu002631698</subfield></datafield><datafield tag="035" ind1=" " ind2=" "><subfield code="a">(OCoLC)34366083</subfield></datafield><datafield tag="035" ind1=" " ind2=" "><subfield code="a">(RLIN)MIUH93-A123</subfield></datafield><datafield tag="040" ind1=" " ind2=" "><subfield code="a">MiU</subfield><subfield code="c">MiU</subfield><subfield code="e">appm</subfield></datafield><datafield tag="100" ind1="1" ind2=" "><subfield code="a">Dawwānī, Muḥammad ibn Asʻad,</subfield><subfield code="d">1426 or 1427-1512 or 1513.</subfield></datafield><datafield tag="240" ind1="1" ind2="3"><subfield code="6">880-01</subfield><subfield code="a">al-Zawrāʾ</subfield></datafield><datafield tag="245" ind1="1" ind2="0"><subfield code="6">880-02</subfield><subfield code="a">Hādhihi nubdhah min al-ḥaqāʾiq bal zubdah min al-daqāʾiq :</subfield><subfield code="k">manuscript,</subfield><subfield code="f">[1868].</subfield></datafield><datafield tag="300" ind1=" " ind2=" "><subfield code="a">1</subfield><subfield code="f">v. ([212] p.) :</subfield><subfield code="b">ill. ;</subfield><subfield code="c">24 cm.</subfield></datafield><datafield tag="500" ind1=" " ind2=" "><subfield code="a">Pp. [1-2] have thin triple borders in black and red with gold ink; remainder of text rubricated with red borders; wide margins with embossed diagonal rules provided for commentary; copyist same as that of Mich. Isl. Mss. 805,2-4.</subfield></datafield><datafield tag="500" ind1=" " ind2=" "><subfield code="a">Date and copyist's name in colophon: wa-qad tamma ʻan yad aḍʻaf al-ʻibād al-sayyid Aḥmad al-Ḥamdī ibn Muḥammad ibn Amr Allāh al-ʻAlāʾī sanat khams wa-thamānīn wa-miʾatayn baʻd al-alf fī al-yawm al-khāmis ʻashar min Rajab [i.e. 1 November 1868].</subfield></datafield><datafield tag="500" ind1=" " ind2=" "><subfield code="a">Text (not this copy) published.</subfield></datafield><datafield tag="500" ind1=" " ind2=" "><subfield code="a">Pp. [1-12]. Bound with: [2] Muḥammad ibn Asʻad Jalāl al-Dawwānī, commentary on al-Zawrāʾ, pp. [13-34]; [3] same author, Khuṭbat a-zawrāʾ, pp. [35-39]; [4] Mūsá ibn Muḥammad Qāḍī Zādah, Sharḥ al-mulakhkhaṣ, pp. [40-212].</subfield></datafield><datafield tag="510" ind1="4" ind2=" "><subfield code="a">GAL,</subfield><subfield code="c">v. II, p. 283; GAL, Suppl. II, p. 308; cf. EI2, v. i, pp. 326b, 329a</subfield></datafield><datafield tag="520" ind1=" " ind2=" "><subfield code="a">Essay on philosophy and mysticism.</subfield></datafield><datafield tag="538" ind1=" " ind2=" "><subfield code="a">Mode of access: Internet.</subfield></datafield><datafield tag="541" ind1=" " ind2=" "><subfield code="d">11/13/34</subfield><subfield code="3">Manuscript</subfield><subfield code="a">History of Science, Meyerhof 29733</subfield><subfield code="c">Purchase, 1933/34</subfield><subfield code="h">20 p.t.</subfield></datafield><datafield tag="545" ind1=" " ind2=" "><subfield code="a">Persian author of works on philosophical ethics; born in Kazarūn, Iran; became qāḍī of Shirāz and professor at madrasat al-Aytām; died in Kazarūn.</subfield></datafield><datafield tag="561" ind1=" " ind2=" "><subfield code="a">Purchased in Cairo, 1933/34. Owner's mark: on cover, manuscript notes in handwriting of Max Meyerhof.</subfield></datafield><datafield tag="650" ind1=" " ind2="0"><subfield code="a">Ethics</subfield><subfield code="y">Early works to 1800.</subfield></datafield><datafield tag="650" ind1=" " ind2="0"><subfield code="a">Philosophy</subfield><subfield code="y">Early works to 1800.</subfield></datafield><datafield tag="650" ind1=" " ind2="0"><subfield code="a">Manuscripts, Arabic</subfield><subfield code="z">Michigan</subfield><subfield code="z">Ann Arbor.</subfield></datafield><datafield tag="700" ind1="1" ind2=" "><subfield code="a">Meyerhof, Max,</subfield><subfield code="d">1874-1945,</subfield><subfield code="e">former owner.</subfield></datafield><datafield tag="773" ind1="0" ind2=" "><subfield code="a">Tracy W. McGregor Collection of Arabic, Persian, and Turkish Mathematical and Astronomical Manuscripts.</subfield><subfield code="7">unbc</subfield><subfield code="w">(CStRLIN)MIUH92-A20.</subfield></datafield><datafield tag="880" ind1="1" ind2="0"><subfield code="6">245-02/</subfield><subfield code="a">هذه نبذة من الحقائق بل زبدة من الدقائق :</subfield><subfield code="k">manuscript,</subfield><subfield code="f">[1868].</subfield></datafield><datafield tag="880" ind1="1" ind2="2"><subfield code="6">240-01/</subfield><subfield code="a">الزوراء</subfield></datafield><datafield tag="CID" ind1=" " ind2=" "><subfield code="a">002631698</subfield></datafield><datafield tag="DAT" ind1="0" ind2=" "><subfield code="a">20190719102632.0</subfield><subfield code="b">20190719000000.0</subfield></datafield><datafield tag="DAT" ind1="1" ind2=" "><subfield code="a">20190719090653.0</subfield><subfield code="b">2019-07-19T16:10:49Z</subfield></datafield><datafield tag="DAT" ind1="2" ind2=" "><subfield code="a">2015-10-02T18:00:03Z</subfield></datafield><datafield tag="CAT" ind1=" " ind2=" "><subfield code="a">SDR-MIU</subfield><subfield code="d">EX LIBRIS - ALEPH</subfield><subfield code="l">prepare.pl-004-008</subfield></datafield><datafield tag="FMT" ind1=" " ind2=" "><subfield code="a">BK</subfield></datafield><datafield tag="HOL" ind1=" " ind2=" "><subfield code="0">sdr-miu002631698</subfield><subfield code="a">MiU</subfield><subfield code="b">SDR</subfield><subfield code="c">MIU</subfield><subfield code="p">mdp.39015078570267</subfield><subfield code="s">MIU</subfield><subfield code="1">002631698</subfield></datafield><datafield tag="974" ind1=" " ind2=" "><subfield code="b">MIU</subfield><subfield code="c">MIU</subfield><subfield code="d">20190719</subfield><subfield code="s">lit-dlps-dc</subfield><subfield code="u">mdp.39015078570267</subfield><subfield code="y">1868</subfield><subfield code="r">pd</subfield><subfield code="q">bib</subfield><subfield code="t">non-US bib date1 &lt; 1896</subfield></datafield></record></collection>